<?xml version="1.0" encoding="UTF-8"?><record xmlns="http://www.loc.gov/MARC21/slim" xmlns:cinclude="http://apache.org/cocoon/include/1.0" xmlns:zs="http://www.loc.gov/zing/srw/">
  <leader>01329cz  a2200313n  4500</leader>
  <controlfield tag="001">n  82053369 </controlfield>
  <controlfield tag="003">DLC</controlfield>
  <controlfield tag="005">20001014034206.0</controlfield>
  <controlfield tag="008">820430n| acannaabn          |a ana      </controlfield>
  <datafield tag="010" ind1=" " ind2=" ">
    <subfield code="a">n  82053369 </subfield>
    <subfield code="z">sh 87003670 </subfield>
  </datafield>
  <datafield tag="035" ind1=" " ind2=" ">
    <subfield code="a">(OCoLC)oca00750287</subfield>
  </datafield>
  <datafield tag="040" ind1=" " ind2=" ">
    <subfield code="a">DLC</subfield>
    <subfield code="b">eng</subfield>
    <subfield code="c">DLC</subfield>
    <subfield code="d">DLC</subfield>
    <subfield code="d">OCoLC</subfield>
    <subfield code="d">DLC-R</subfield>
  </datafield>
  <datafield tag="130" ind1=" " ind2="0">
    <subfield code="a">Wa-Kan rōeishū</subfield>
  </datafield>
  <datafield tag="430" ind1=" " ind2="0">
    <subfield code="a">Gyobutsu Wa-Kan rōeishū</subfield>
  </datafield>
  <datafield tag="430" ind1=" " ind2="0">
    <subfield code="a">Gyobutsu detchōbon Wa-Kan rōeishū</subfield>
  </datafield>
  <datafield tag="430" ind1=" " ind2="0">
    <subfield code="a">Rōeishū</subfield>
  </datafield>
  <datafield tag="430" ind1=" " ind2="0">
    <subfield code="a">Wa-Kan shū</subfield>
  </datafield>
  <datafield tag="430" ind1=" " ind2="0">
    <subfield code="a">Gyobutsubon Wa-Kan rōeishū</subfield>
  </datafield>
  <datafield tag="430" ind1=" " ind2="0">
    <subfield code="a">Wakan rōeishū</subfield>
  </datafield>
  <datafield tag="430" ind1=" " ind2="0">
    <subfield code="a">Wa-Kan shō</subfield>
  </datafield>
  <datafield tag="430" ind1=" " ind2="0">
    <subfield code="a">Wa-Kan rōei shō</subfield>
  </datafield>
  <datafield tag="430" ind1=" " ind2="0">
    <subfield code="a">Rōei</subfield>
  </datafield>
  <datafield tag="430" ind1=" " ind2="0">
    <subfield code="a">Wa-Kan rōei</subfield>
  </datafield>
  <datafield tag="430" ind1=" " ind2="0">
    <subfield code="a">Japanese and Chinese poems to sing</subfield>
  </datafield>
  <datafield tag="430" ind1=" " ind2="0">
    <subfield code="a">Wakan rōei shū</subfield>
  </datafield>
  <datafield tag="670" ind1=" " ind2=" ">
    <subfield code="a">Wa-Kan rōeishū, 1954, 1979 printing:</subfield>
    <subfield code="b">v. 1. caption title (Wa-Kan rōeishū) colophon (Gyobutsu Wa-Kan rōeishū) v. 3, cover (Gyobutsubon Wa-Kan rōeishū) p. 1 (Gyobutsu detchōbon Wa-Kan rōeishō)</subfield>
  </datafield>
  <datafield tag="670" ind1=" " ind2=" ">
    <subfield code="a">Nihon bungaku d.j.</subfield>
    <subfield code="b">(Wa-Kan rōeishū; 2 v.; Wa-Kan rōei shō; Wa-Kan rōei; Wa-Kan shō; Rōeishū; Rōei)</subfield>
  </datafield>
  <datafield tag="670" ind1=" " ind2=" ">
    <subfield code="a">Kokusho sōmokuroku</subfield>
    <subfield code="b">(Wa-Kan rōeishū; rōeishū; Wa-Kan shō; Wa-Kan rōei shō)</subfield>
  </datafield>
  <datafield tag="670" ind1=" " ind2=" ">
    <subfield code="a">Japanese and Chinese poems to sing, 1997:</subfield>
    <subfield code="b">CIP t.p. (the Wakan rōei shū in subtitle)</subfield>
  </datafield>
</record>